% example .bib file for use with projectpaper.tex

@book{budgen
  ,author = {David Budgen}
  ,title = {Software Design}
  ,edition = "2nd"
  ,year = 2003
  ,publisher = {Addison Wesley}
}

@unpublished{euther
  ,author = {K. Euther}
  ,title = {Title of Paper}
  ,year = 2006
  ,note = {unpublished}
}

@article{pearson1995pragmatics,
	title={Pragmatics and pedagogy: Conversational rules and politeness strategies may inhibit effective tutoring},
	author={Pearson, Natalie K and Kreuz, Roger J and Zwaan, Rolf A and Graesser, Arthur C},
	journal={Cognition and instruction},
	volume={13},
	number={2},
	pages={161--188},
	year={1995},
	publisher={Taylor \& Francis}
}


@book{amsel1992frustration,
	title={Frustration theory: An analysis of dispositional learning and memory},
	author={Amsel, Abram},
	number={11},
	year={1992},
	publisher={Cambridge University Press}
}

@article{pekrun2002academic,
	title={Academic emotions in students' self-regulated learning and achievement: A program of qualitative and quantitative research},
	author={Pekrun, Reinhard and Goetz, Thomas and Titz, Wolfram and Perry, Raymond P},
	journal={Educational psychologist},
	volume={37},
	number={2},
	pages={91--105},
	year={2002},
	publisher={Taylor \& Francis}
}

@article{wang2008politeness,
	title={The politeness effect: Pedagogical agents and learning outcomes},
	author={Wang, Ning and Johnson, W Lewis and Mayer, Richard E and Rizzo, Paola and Shaw, Erin and Collins, Heather},
	journal={International journal of human-computer studies},
	volume={66},
	number={2},
	pages={98--112},
	year={2008},
	publisher={Elsevier}
}

@inproceedings{aist2002experimentally,
	title={Experimentally augmenting an intelligent ing system with human-supplied capabilities: adding human-provided emotional scaffolding to an automated reading tutor that listens},
	author={Aist, Gregory and Kort, Barry and Reilly, Rob and Mostow, Jack and Picard, Rosalind},
	booktitle={Proceedings. Fourth IEEE International Conference on Multimodal Interfaces},
	pages={483--490},
	year={2002},
	organization={IEEE}
}

@article{schneider2019does,
	title={Does interview anxiety predict job performance and does it influence the predictive validity of interviews?},
	author={Schneider, Leann and Powell, Deborah M and Bonaccio, Silvia},
	journal={International Journal of Selection and Assessment},
	volume={27},
	number={4},
	pages={328--336},
	year={2019},
	publisher={Wiley Online Library}
}

@inproceedings{viola2001rapid,
	title={Rapid object detection using a boosted cascade of simple features},
	author={Viola, Paul and Jones, Michael},
	booktitle={Proceedings of the 2001 IEEE computer society conference on computer vision and pattern recognition. CVPR 2001},
	volume={1},
	pages={I--I},
	year={2001},
	organization={IEEE}
}

@article{kalinovskii2015compact,
	title={Compact convolutional neural network cascade for face detection},
	author={Kalinovskii, Ilya and Spitsyn, Vladimir},
	journal={arXiv preprint arXiv:1508.01292},
	year={2015}
}

@article{siedlecka2019experimental,
	title={Experimental methods for inducing basic emotions: A qualitative review},
	author={Siedlecka, Ewa and Denson, Thomas F},
	journal={Emotion Review},
	volume={11},
	number={1},
	pages={87--97},
	year={2019},
	publisher={Sage Publications Sage UK: London, England}
}

@inproceedings{buechel2016emotion,
	title={Emotion analysis as a regression problem—dimensional models and their implications on emotion representation and metrical evaluation},
	author={Buechel, Sven and Hahn, Udo},
	booktitle={Proceedings of the Twenty-second European Conference on Artificial Intelligence},
	pages={1114--1122},
	year={2016}
}

@article{kurdi2017introducing,
	title={Introducing the open affective standardized image set (OASIS)},
	author={Kurdi, Benedek and Lozano, Shayn and Banaji, Mahzarin R},
	journal={Behavior research methods},
	volume={49},
	number={2},
	pages={457--470},
	year={2017},
	publisher={Springer}
}

@article{huber2016recognizing,
	title={Recognizing, Understanding and Mitigating L2 Learner Frustration},
	author={Huber, Arthur and others},
	journal={Hirao School of Management review},
	volume={6},
	pages={170--177},
	year={2016}
}

@article{feigh2012toward,
	title={Toward a characterization of adaptive systems: A framework for researchers and system designers},
	author={Feigh, Karen M and Dorneich, Michael C and Hayes, Caroline C},
	journal={Human Factors},
	volume={54},
	number={6},
	pages={1008--1024},
	year={2012},
	publisher={Sage Publications Sage CA: Los Angeles, CA}
}

@article{picard1997does,
	title={Does hal cry digital tears? emotions. and computers},
	author={Picard, Rosalind},
	journal={HAL's Legacy: 2001's Computer as Dream and Reality},
	pages={279--304},
	year={1997},
	publisher={MIT Press}
}

@article{burgess1964effects,
	title={Effects of increased heart rate on intellectual performance.},
	author={Burgess, Michael and Hokanson, Jack E},
	journal={The Journal of Abnormal and Social Psychology},
	volume={68},
	number={1},
	pages={85},
	year={1964},
	publisher={American Psychological Association}
}

@article{weiner1985attributional,
	title={An attributional theory of achievement motivation and emotion.},
	author={Weiner, Bernard},
	journal={Psychological review},
	volume={92},
	number={4},
	pages={548},
	year={1985},
	publisher={American Psychological Association}
}

@article{niedenthal1994emotional,
	title={Emotional organization of perceptual memory.},
	author={Niedenthal, Paula M and Setterlund, Marc B and Jones, Douglas E},
	year={1994},
	publisher={Academic Press}
}

@article{isen1987positive,
	title={Positive affect facilitates creative problem solving.},
	author={Isen, Alice M and Daubman, Kimberly A and Nowicki, Gary P},
	journal={Journal of personality and social psychology},
	volume={52},
	number={6},
	pages={1122},
	year={1987},
	publisher={American Psychological Association}
}

@article{ekman1992argument,
	title={An argument for basic emotions},
	author={Ekman, Paul},
	journal={Cognition \& emotion},
	volume={6},
	number={3-4},
	pages={169--200},
	year={1992},
	publisher={Taylor \& Francis}
}

@article{ekman2002facial,
	title={Facial action coding system (FACS)},
	author={Ekman, Paul},
	journal={A human face},
	year={2002}
}

@article{graesser2005autotutor,
	title={AutoTutor: An intelligent tutoring system with mixed-initiative dialogue},
	author={Graesser, Arthur C and Chipman, Patrick and Haynes, Brian C and Olney, Andrew},
	journal={IEEE Transactions on Education},
	volume={48},
	number={4},
	pages={612--618},
	year={2005},
	publisher={IEEE}
}

@article{pantic2003toward,
	title={Toward an affect-sensitive multimodal human-computer interaction},
	author={Pantic, Maja and Rothkrantz, Leon JM},
	journal={Proceedings of the IEEE},
	volume={91},
	number={9},
	pages={1370--1390},
	year={2003},
	publisher={IEEE}
}

@article{tao2019systematic,
	title={A systematic review of physiological measures of mental workload},
	author={Tao, Da and Tan, Haibo and Wang, Hailiang and Zhang, Xu and Qu, Xingda and Zhang, Tingru},
	journal={International journal of environmental research and public health},
	volume={16},
	number={15},
	pages={2716},
	year={2019},
	publisher={Multidisciplinary Digital Publishing Institute}
}

@article{BRADLEY199449,
	title = {Measuring emotion: The self-assessment manikin and the semantic differential},
	journal = {Journal of Behavior Therapy and Experimental Psychiatry},
	volume = {25},
	number = {1},
	pages = {49-59},
	year = {1994},
	issn = {0005-7916},
	doi = {https://doi.org/10.1016/0005-7916(94)90063-9},
	url = {https://www.sciencedirect.com/science/article/pii/0005791694900639},
	author = {Margaret M. Bradley and Peter J. Lang}
}

@inproceedings{kononenko1994estimating,
	title={Estimating attributes: Analysis and extensions of RELIEF},
	author={Kononenko, Igor},
	booktitle={European conference on machine learning},
	pages={171--182},
	year={1994},
	organization={Springer}
}

@inproceedings{petrushin1999emotion,
	title={Emotion in speech: Recognition and application to call centers},
	author={Petrushin, Valery},
	booktitle={Proceedings of artificial neural networks in engineering},
	volume={710},
	pages={22},
	year={1999},
	organization={Citeseer}
}

@inproceedings{cohen2003learning,
	title={Learning Bayesian network classifiers for facial expression recognition both labeled and unlabeled data},
	author={Cohen, Ira and Sebe, Nicu and Gozman, FG and Cirelo, Marcelo Cesar and Huang, Thomas S},
	booktitle={2003 IEEE Computer Society Conference on Computer Vision and Pattern Recognition, 2003. Proceedings.},
	volume={1},
	pages={I--I},
	year={2003},
	organization={IEEE}
}

@article{LOPES2017610,
	title = {Facial expression recognition with Convolutional Neural Networks: Coping with few data and the training sample order},
	journal = {Pattern Recognition},
	volume = {61},
	pages = {610-628},
	year = {2017},
	issn = {0031-3203},
	doi = {https://doi.org/10.1016/j.patcog.2016.07.026},
	author = {André Teixeira Lopes and Edilson {de Aguiar} and Alberto F. {De Souza} and Thiago Oliveira-Santos},
}

@article{parasuraman2004trust,
	title={Trust and etiquette in high-criticality automated systems},
	author={Parasuraman, Raja and Miller, Christopher A},
	journal={Communications of the ACM},
	volume={47},
	number={4},
	pages={51--55},
	year={2004},
	publisher={ACM New York, NY, USA}
}

@inproceedings{lucey2010extended,
	title={The extended cohn-kanade dataset (ck+): A complete dataset for action unit and emotion-specified expression},
	author={Lucey, Patrick and Cohn, Jeffrey F and Kanade, Takeo and Saragih, Jason and Ambadar, Zara and Matthews, Iain},
	booktitle={2010 ieee computer society conference on computer vision and pattern recognition-workshops},
	pages={94--101},
	year={2010},
	organization={IEEE}
}


@article{voulodimos2018deep,
	title={Deep learning for computer vision: A brief review},
	author={Voulodimos, Athanasios and Doulamis, Nikolaos and Doulamis, Anastasios and Protopapadakis, Eftychios},
	journal={Computational intelligence and neuroscience},
	volume={2018},
	year={2018},
	publisher={Hindawi}
}

@inproceedings{cohen2003evaluation,
	title={Evaluation of expression recognition techniques},
	author={Cohen, Ira and Sebe, Nicu and Sun, Yafei and Lew, Michael S and Huang, Thomas S},
	booktitle={International Conference on Image and Video Retrieval},
	pages={184--195},
	year={2003},
	organization={Springer}
}

@inproceedings{barron2012intelligent,
	title={An intelligent and affective tutoring system within a social network for learning mathematics},
	author={Barr{\'o}n-Estrada, Mar{\'\i}a Luc{\'\i}a and Zatarain-Cabada, Ram{\'o}n and P{\'e}rez, Yasm{\'\i}n Hern{\'a}ndez and others},
	booktitle={Ibero-American Conference on Artificial Intelligence},
	pages={651--661},
	year={2012},
	organization={Springer}
}

@book{lawson1965frustration,
	title={Frustration},
	author={Lawson, Reed},
	year={1965},
	publisher={The macmillan company}
}

@article{ceaparu2004determining,
	title={Determining causes and severity of end-user frustration},
	author={Ceaparu, Irina and Lazar, Jonathan and Bessiere, Katie and Robinson, John and Shneiderman, Ben},
	journal={International journal of human-computer interaction},
	volume={17},
	number={3},
	pages={333--356},
	year={2004},
	publisher={Taylor \& Francis}
}

@article{waterhouse1953frustration,
	title={Frustration and the quality of performance.},
	author={Waterhouse, Ian K and Child, Irvin L},
	journal={Journal of personality},
	year={1953},
	publisher={Blackwell Publishing}
}
@article{hepach2011conceptualizing,
	title={Conceptualizing emotions along the dimensions of valence, arousal, and communicative frequency--implications for social-cognitive tests and training tools},
	author={Hepach, Robert and Kliemann, Dorit and Gr{\"u}neisen, Sebastian and Heekeren, Hauke R and Dziobek, Isabel},
	journal={Frontiers in psychology},
	volume={2},
	pages={266},
	year={2011},
	publisher={Frontiers}
}
@article{bauerle2021net2vis,
	title={Net2Vis-A Visual Grammar for Automatically Generating Publication-Ready CNN Architecture Visualizations},
	author={Bauerle, Alex and Van Onzenoodt, Christian and Ropinski, Timo},
	journal={IEEE Transactions on Visualization and Computer Graphics},
	year={2021},
	publisher={IEEE}
}

@misc{miteshputhranneu_2017, title={MITESHPUTHRANNEU/Speech-Emotion-Analyzer}, url={https://github.com/MITESHPUTHRANNEU/Speech-Emotion-Analyzer}, journal={GitHub}, publisher={Mitesh Puthran}, author={Miteshputhranneu}, year={2017}, month={Dec}}

@article{ISSA2020101894,
	title = {Speech emotion recognition with deep convolutional neural networks},
	journal = {Biomedical Signal Processing and Control},
	volume = {59},
	pages = {101894},
	year = {2020},
	issn = {1746-8094},
	doi = {https://doi.org/10.1016/j.bspc.2020.101894},
	url = {https://www.sciencedirect.com/science/article/pii/S1746809420300501},
	author = {Dias Issa and M. {Fatih Demirci} and Adnan Yazici},
	keywords = {Speech emotion recognition, Deep learning, Signal processing}
}

@inproceedings{locken2017towards,
	title={Towards designing affect-aware systems for mitigating the effects of in-vehicle frustration},
	author={L{\"o}cken, Andreas and Ihme, Klas and Unni, Anirudh},
	booktitle={Proceedings of the 9th international conference on automotive user interfaces and interactive vehicular applications adjunct},
	pages={88--93},
	year={2017}
}

@incollection{giannopoulos2018deep,
	title={Deep learning approaches for facial emotion recognition: A case study on FER-2013},
	author={Giannopoulos, Panagiotis and Perikos, Isidoros and Hatzilygeroudis, Ioannis},
	booktitle={Advances in hybridization of intelligent methods},
	pages={1--16},
	year={2018},
	publisher={Springer}
}


@article{woolf2009affect,
	title={Affect-aware tutors: recognising and responding to student affect},
	author={Woolf, Beverly and Burleson, Winslow and Arroyo, Ivon and Dragon, Toby and Cooper, David and Picard, Rosalind},
	journal={International Journal of Learning Technology},
	volume={4},
	number={3-4},
	pages={129--164},
	year={2009},
	publisher={Inderscience Publishers}
}

@article{klein2002computer,
	title={This computer responds to user frustration: Theory, design, and results},
	author={Klein, Jonathan and Moon, Youngme and Picard, Rosalind W},
	journal={Interacting with computers},
	volume={14},
	number={2},
	pages={119--140},
	year={2002},
	publisher={Oxford University Press Oxford, UK}
}

@book{brown1987politeness,
	title={Politeness: Some universals in language usage},
	author={Brown, Penelope and Levinson, Stephen C and Levinson, Stephen C},
	volume={4},
	year={1987},
	publisher={Cambridge university press}
}

@inproceedings{qu2005using,
	title={Using learner focus of attention to detect learner motivation factors},
	author={Qu, Lei and Wang, Ning and Johnson, W Lewis},
	booktitle={International Conference on User Modeling},
	pages={70--73},
	year={2005},
	organization={Springer}
}

@article{johnson2010role,
	title={The role of politeness in interactive educational software for language tutoring},
	author={Johnson, W LEWIS and Wang, NING},
	journal={Human-Computer Etiquette: Cultural Expectations and the Design Implications They Place on Computers and Technology. Auerbach Publications},
	pages={91--113},
	year={2010}
}

@article{yang2018evaluating,
	title={Evaluating Human--Automation Etiquette Strategies to Mitigate User Frustration and Improve Learning in Affect-Aware Tutoring},
	author={Yang, Euijung and Dorneich, Michael C},
	journal={Applied Sciences},
	volume={8},
	number={6},
	pages={895},
	year={2018},
	publisher={Multidisciplinary Digital Publishing Institute}
}

@article{jaimes2007multimodal,
	title={Multimodal human--computer interaction: A survey},
	author={Jaimes, Alejandro and Sebe, Nicu},
	journal={Computer vision and image understanding},
	volume={108},
	number={1-2},
	pages={116--134},
	year={2007},
	publisher={Elsevier}
}

@inproceedings{yang2015effect,
	title={The effect of time delay on emotion, arousal, and satisfaction in human-robot interaction},
	author={Yang, Euijung and Dorneich, Michael C},
	booktitle={Proceedings of the human factors and ergonomics society annual meeting},
	volume={59},
	number={1},
	pages={443--447},
	year={2015},
	organization={SAGE Publications Sage CA: Los Angeles, CA}
}

@inproceedings{barron2012intelligent,
	title={An intelligent and affective tutoring system within a social network for learning mathematics},
	author={Barr{\'o}n-Estrada, Mar{\'\i}a Luc{\'\i}a and Zatarain-Cabada, Ram{\'o}n and P{\'e}rez, Yasm{\'\i}n Hern{\'a}ndez and others},
	booktitle={Ibero-American Conference on Artificial Intelligence},
	pages={651--661},
	year={2012},
	organization={Springer}
}

@article{bickmore2010response,
	title={Response to a relational agent by hospital patients with depressive symptoms},
	author={Bickmore, Timothy W and Mitchell, Suzanne E and Jack, Brian W and Paasche-Orlow, Michael K and Pfeifer, Laura M and O’Donnell, Julie},
	journal={Interacting with computers},
	volume={22},
	number={4},
	pages={289--298},
	year={2010},
	publisher={Oxford University Press Oxford, UK}
}

@MISC{Goodfeli-et-al-2013,
	author = {Goodfellow, Ian and Erhan, Dumitru and Carrier, Pierre-Luc and Courville, Aaron and Mirza, Mehdi and Hamner, Ben and Cukierski, Will and Tang, Yichuan and Thaler, David and Lee, Dong-Hyun and Zhou, Yingbo and Ramaiah, Chetan and Feng, Fangxiang and Li, Ruifan and Wang, Xiaojie and Athanasakis, Dimitris and Shawe-Taylor, John and Milakov, Maxim and Park, John and Ionescu, Radu and Popescu, Marius and Grozea, Cristian and Bergstra, James and Xie, Jingjing and Romaszko, Lukasz and Xu, Bing and Chuang, Zhang and Bengio, Yoshua},
	keywords = {competition, dataset, representation learning},
	title = {Challenges in Representation Learning: A report on three machine learning contests},
	year = {2013},
	institution = {Unicer}
}

@article{christy2020multimodal,
	title={Multimodal speech emotion recognition and classification using convolutional neural network techniques},
	author={Christy, A and Vaithyasubramanian, S and Jesudoss, A and Praveena, MD Anto},
	journal={International Journal of Speech Technology},
	volume={23},
	pages={381--388},
	year={2020},
	publisher={Springer}
}

@article{livingstone2018ryerson,
	title={The Ryerson Audio-Visual Database of Emotional Speech and Song (RAVDESS): A dynamic, multimodal set of facial and vocal expressions in North American English},
	author={Livingstone, Steven R and Russo, Frank A},
	journal={PloS one},
	volume={13},
	number={5},
	pages={e0196391},
	year={2018},
	publisher={Public Library of Science San Francisco, CA USA}
}

@inproceedings{dennerlein2003frustrating,
	title={Frustrating computer users increases exposure to physical factors},
	author={Dennerlein, Jack and Becker, Theodore and Johnson, Peter and Reynolds, Carson and Picard, Rosalind W},
	booktitle={Proceedings of the international Ergonomics association, Seoul, Korea},
	year={2003}
}

@online{chollet2015keras,
	title={Keras},
	author={Chollet, Francois and others},
	year={2015},
	publisher={GitHub},
	url={https://github.com/fchollet/keras},
}


@article{hone2006empathic,
	title={Empathic agents to reduce user frustration: The effects of varying agent characteristics},
	author={Hone, Kate},
	journal={Interacting with computers},
	volume={18},
	number={2},
	pages={227--245},
	year={2006},
	publisher={Oxford University Press Oxford, UK}
}

@inproceedings{shegokar2016continuous,
	title={Continuous wavelet transform based speech emotion recognition},
	author={Shegokar, Pankaj and Sircar, Pradip},
	booktitle={2016 10th International Conference on Signal Processing and Communication Systems (ICSPCS)},
	pages={1--8},
	year={2016},
	organization={IEEE}
}

@inproceedings{zhang2016cross,
	title={Cross-corpus acoustic emotion recognition from singing and speaking: A multi-task learning approach},
	author={Zhang, Biqiao and Provost, Emily Mower and Essl, Georg},
	booktitle={2016 IEEE International Conference on Acoustics, Speech and Signal Processing (ICASSP)},
	pages={5805--5809},
	year={2016},
	organization={IEEE}
}

@software{brian_mcfee_2020_3955228,
	author       = {Brian McFee and
	Vincent Lostanlen and
	Alexandros Metsai and
	Matt McVicar and
	Stefan Balke and
	Carl Thomé and
	Colin Raffel and
	Frank Zalkow and
	Ayoub Malek and
	Dana and
	Kyungyun Lee and
	Oriol Nieto and
	Jack Mason and
	Dan Ellis and
	Eric Battenberg and
	Scott Seyfarth and
	Ryuichi Yamamoto and
	Keunwoo Choi and
	viktorandreevichmorozov and
	Josh Moore and
	Rachel Bittner and
	Shunsuke Hidaka and
	Ziyao Wei and
	nullmightybofo and
	Darío Hereñú and
	Fabian-Robert Stöter and
	Pius Friesch and
	Adam Weiss and
	Matt Vollrath and
	Taewoon Kim},
	title        = {librosa/librosa: 0.8.0},
	month        = jul,
	year         = 2020,
	publisher    = {Zenodo},
	version      = {0.8.0},
	doi          = {10.5281/zenodo.3955228},
	url          = {https://doi.org/10.5281/zenodo.3955228}
}

@article{bhattarai2019automatic,
	title={Automatic music mood detection using transfer learning and multilayer perceptron},
	author={Bhattarai, Bhuwan and Lee, Joonwhoan},
	journal={International Journal of Fuzzy Logic and Intelligent Systems},
	volume={19},
	number={2},
	pages={88--96},
	year={2019},
	publisher={Korean Institute of Intelligent Systems}
}